<record><leader>00000cas a2200000 a 4500</leader><controlfield tag="001">26059945</controlfield><controlfield tag="008">920622d19121920iludn ne      0   a0eng c</controlfield><datafield ind1=" " ind2=" " tag="010"><subfield code="a">sn 92054616 </subfield></datafield><datafield ind1=" " ind2=" " tag="040"><subfield code="a">NVF</subfield><subfield code="b">eng</subfield><subfield code="c">NVF</subfield><subfield code="d">OCLCQ</subfield><subfield code="d">NVF</subfield><subfield code="d">OCLCF</subfield><subfield code="d">OCLCO</subfield><subfield code="d">NVF</subfield></datafield><datafield ind1=" " ind2=" " tag="042"><subfield code="a">pcc</subfield></datafield><datafield ind1=" " ind2=" " tag="043"><subfield code="a">n-us-il</subfield></datafield><datafield ind1="0" ind2=" " tag="130"><subfield code="a">Quincy Whig (Quincy, Ill. : 1912)</subfield></datafield><datafield ind1="1" ind2="4" tag="245"><subfield code="a">The Quincy Whig.</subfield></datafield><datafield ind1=" " ind2=" " tag="260"><subfield code="a">Quincy, Ill. :</subfield><subfield code="b">[publisher not identified],</subfield><subfield code="c">1912-1920.</subfield></datafield><datafield ind1=" " ind2=" " tag="300"><subfield code="a">v.</subfield></datafield><datafield ind1=" " ind2=" " tag="310"><subfield code="a">Daily (except Monday)</subfield></datafield><datafield ind1="0" ind2=" " tag="362"><subfield code="a">Oct. 3, 1912-May 30, 1920.</subfield></datafield><datafield ind1=" " ind2=" " tag="580"><subfield code="a">Weekly ed.: Quincy weekly Whig (Quincy, Ill. : 1875), &lt;1912&gt;.</subfield></datafield><datafield ind1=" " ind2=" " tag="580"><subfield code="a">Merged with: Quincy journal (Quincy, Ill. : 1890), to form: Quincy Whig-journal.</subfield></datafield><datafield ind1=" " ind2="0" tag="651"><subfield code="a">Quincy (Ill.)</subfield><subfield code="v">Newspapers.</subfield></datafield><datafield ind1=" " ind2="7" tag="651"><subfield code="a">Illinois</subfield><subfield code="z">Quincy.</subfield><subfield code="2">fast</subfield><subfield code="0">(OCoLC)fst01212078</subfield></datafield><datafield ind1=" " ind2="7" tag="655"><subfield code="a">Newspapers.</subfield><subfield code="2">fast</subfield><subfield code="0">(OCoLC)fst01423814</subfield></datafield><datafield ind1=" " ind2=" " tag="752"><subfield code="a">United States</subfield><subfield code="b">Illinois</subfield><subfield code="c">Adams County</subfield><subfield code="d">Quincy.</subfield></datafield><datafield ind1="1" ind2=" " tag="775"><subfield code="t">Quincy weekly Whig (Quincy, Ill. : 1875)</subfield><subfield code="w">(DLC)sn 82014561</subfield><subfield code="w">(OCoLC)8792742</subfield></datafield><datafield ind1="0" ind2="0" tag="780"><subfield code="t">Quincy daily Whig (Quincy, Ill. : 1899)</subfield><subfield code="w">(DLC)sn 92054615</subfield><subfield code="w">(OCoLC)26059900</subfield></datafield><datafield ind1="1" ind2="7" tag="785"><subfield code="t">Quincy journal (Quincy, Ill. : 1890)</subfield><subfield code="w">(DLC)sn 92054618</subfield><subfield code="w">(OCoLC)26060196</subfield></datafield><datafield ind1="1" ind2="7" tag="785"><subfield code="t">Quincy Whig-journal</subfield><subfield code="w">(DLC)sn 92054617</subfield><subfield code="w">(OCoLC)26060028</subfield></datafield><datafield ind1="1" ind2=" " tag="029"><subfield code="a">AU@</subfield><subfield code="b">000020698765</subfield></datafield></record>